<?xml version = "1.0" encoding = "UTF-8"?><OAI-PMH xmlns="http://www.openarchives.org/OAI/2.0/" xmlns:xsi="http://www.w3.org/2001/XMLSchema-instance" xsi:schemaLocation="http://www.openarchives.org/OAI/2.0/ http://www.openarchives.org/OAI/2.0/OAI-PMH.xsd"><ListRecords><record><header><identifier>aleph-publish:016709810</identifier></header><metadata><record xmlns="http://www.ddb.de/professionell/mabxml/mabxml-1.xsd"><leader>00845pM2.01200024------h</leader><controlfield tag="LDR">00845pM2.01200024------h</controlfield><controlfield tag="FMT">MH</controlfield><datafield tag="001" ind1="-" ind2="1"><subfield code="a">HT015580394</subfield></datafield><datafield tag="002" ind1="b" ind2="1"><subfield code="a">20080630</subfield></datafield><datafield tag="003" ind1="-" ind2="1"><subfield code="a">20100305</subfield></datafield><datafield tag="020" ind1="a" ind2="1"><subfield code="a">98802229X</subfield><subfield code="b">DNB</subfield></datafield><datafield tag="025" ind1="a" ind2="1"><subfield code="a">98802229X</subfield></datafield><datafield tag="026" ind1="-" ind2="1"><subfield code="a">DNB98802229X</subfield></datafield><controlfield tag="030">a|1daz|z|||17</controlfield><datafield tag="036" ind1="a" ind2="1"><subfield code="a">XA-DE-SH</subfield></datafield><datafield tag="037" ind1="b" ind2="1"><subfield code="a">ger</subfield></datafield><controlfield tag="050">a|a|||||||||||</controlfield><controlfield tag="051">s|||z|||</controlfield><datafield tag="070" ind1="-" ind2="1"><subfield code="a">385</subfield></datafield><datafield tag="070" ind1="a" ind2="1"><subfield code="a">DNB</subfield></datafield><datafield tag="070" ind1="b" ind2="1"><subfield code="a">5</subfield></datafield><datafield tag="080" ind1="-" ind2="1"><subfield code="a">60</subfield></datafield><datafield tag="100" ind1="-" ind2="1"><subfield code="p">Assmann, Bernhard</subfield><subfield code="d">1973-</subfield><subfield code="9">(DE-588)135784301</subfield></datafield><datafield tag="104" ind1="a" ind2="1"><subfield code="p">Sahle, Patrick</subfield><subfield code="9">(DE-588)135774314</subfield></datafield><datafield tag="331" ind1="-" ind2="1"><subfield code="a">Digital ist besser</subfield></datafield><datafield tag="335" ind1="-" ind2="1"><subfield code="a">die Monumenta Germaniae Historica mit den dMGH auf dem Weg in die Zukunft - eine Momentaufnahme</subfield></datafield><datafield tag="359" ind1="-" ind2="1"><subfield code="a">Bernhard Assmann ; Patrick Sahle</subfield></datafield><datafield tag="410" ind1="-" ind2="1"><subfield code="a">Norderstedt</subfield></datafield><datafield tag="412" ind1="-" ind2="1"><subfield code="a">Books on Demand</subfield></datafield><datafield tag="425" ind1="-" ind2="1"><subfield code="a">2008</subfield></datafield><datafield tag="425" ind1="a" ind2="1"><subfield code="a">2008</subfield></datafield><datafield tag="433" ind1="-" ind2="1"><subfield code="a">55 S. : Ill.</subfield></datafield><datafield tag="435" ind1="-" ind2="1"><subfield code="a">220 mm x 155 mm, 223 gr.</subfield></datafield><datafield tag="451" ind1="-" ind2="1"><subfield code="a">Schriften des Instituts für Dokumentologie und Editorik ; 1</subfield></datafield><datafield tag="453" ind1="-" ind2="1"><subfield code="a">HT015577620</subfield></datafield><datafield tag="455" ind1="-" ind2="1"><subfield code="a">1</subfield></datafield><datafield tag="456" ind1="-" ind2="1"><subfield code="a">1</subfield></datafield><datafield tag="540" ind1="a" ind2="1"><subfield code="a">978-3-8370-2987-1</subfield><subfield code="b">Gb. : sfr 22.50 (freier Pr.), EUR 11.95</subfield></datafield><datafield tag="540" ind1="a" ind2="1"><subfield code="a">3-8370-2987-5</subfield><subfield code="b">Gb. : sfr 22.50 (freier Pr.), EUR 11.95</subfield></datafield><datafield tag="553" ind1="a" ind2="1"><subfield code="a">9783837029871</subfield></datafield><datafield tag="574" ind1="-" ind2="1"><subfield code="a">08,N15,0768</subfield></datafield><datafield tag="655" ind1="e" ind2="1"><subfield code="q">text/html</subfield><subfield code="u">http://deposit.d-nb.de/cgi-bin/dokserv?id=3083606&amp;prov=M&amp;dok_var=1&amp;dok_ext=htm</subfield><subfield code="3">Inhaltstext</subfield><subfield code="A">2</subfield></datafield><datafield tag="700" ind1="-" ind2="1"><subfield code="a">900</subfield></datafield><controlfield tag="SYS">016709810</controlfield><datafield tag="LOW" ind1="-" ind2="1"><subfield code="a">K0001</subfield></datafield><datafield tag="LOW" ind1="-" ind2="1"><subfield code="a">B2001</subfield></datafield><datafield tag="LOW" ind1="-" ind2="1"><subfield code="a">Q0001</subfield></datafield><datafield tag="HID" ind1="-" ind2="1"><subfield code="s">DTL2ALEPH</subfield><subfield code="c">20090304</subfield><subfield code="l">HBZ01</subfield><subfield code="h">2309</subfield></datafield><datafield tag="088" ind1=" " ind2=" "><subfield code="a">38</subfield><subfield code="b">00000001</subfield><subfield code="c">13B6113</subfield><subfield code="e">ILL Ausleihe</subfield></datafield><datafield tag="088" ind1=" " ind2=" "><subfield code="a">294/11</subfield><subfield code="b">00011000</subfield><subfield code="c">Cw 01/8</subfield><subfield code="e">keine ILL</subfield></datafield><datafield tag="088" ind1=" " ind2=" "><subfield code="a">5</subfield><subfield code="b">00000010</subfield><subfield code="c">2010/1715</subfield><subfield code="e">ILL Ausleihe</subfield></datafield><datafield tag="088" ind1=" " ind2=" "><subfield code="a">385</subfield><subfield code="c">w31263</subfield><subfield code="e">Normalausleihe</subfield></datafield><datafield tag="655" ind1="e" ind2=" "><subfield code="u">http://digitool.hbz-nrw.de:1801/webclient/DeliveryManager?pid=2861435&amp;custom_att_2=simple_viewer</subfield><subfield code="y">Digital ist besser</subfield><subfield code="x">Inhaltsverzeichnis</subfield></datafield></record></metadata></record></ListRecords></OAI-PMH>